

@article {CLR,
    AUTHOR = {Cooper, D. and Long, D. D. and Reid, A. W.},
     TITLE = {Essential closed surfaces in bounded {$3$}-manifolds},
   JOURNAL = {J. Amer. Math. Soc.},
  FJOURNAL = {Journal of the American Mathematical Society},
    VOLUME = {10},
      YEAR = {1997},
    NUMBER = {3},
     PAGES = {553--563},
      ISSN = {0894-0347},
   MRCLASS = {57N10 (57M05 57M10 57N35)},
  MRNUMBER = {1431827},
MRREVIEWER = {Darryl McCullough},
       DOI = {10.1090/S0894-0347-97-00236-1},
       URL = {http://dx.doi.org/10.1090/S0894-0347-97-00236-1},
}


@article {KM,
    AUTHOR = {Kahn, Jeremy and Markovic, Vladimir},
     TITLE = {Immersing almost geodesic surfaces in a closed hyperbolic
              three manifold},
   JOURNAL = {Ann. of Math. (2)},
  FJOURNAL = {Annals of Mathematics. Second Series},
    VOLUME = {175},
      YEAR = {2012},
    NUMBER = {3},
     PAGES = {1127--1190},
      ISSN = {0003-486X},
   MRCLASS = {57M50 (30F40)},
  MRNUMBER = {2912704},
MRREVIEWER = {James W. Anderson},
       DOI = {10.4007/annals.2012.175.3.4},
       URL = {http://dx.doi.org/10.4007/annals.2012.175.3.4},
}

@article {BC,
    AUTHOR = {Baker, Mark D. and Cooper, Daryl},
     TITLE = {Finite-volume hyperbolic 3-manifolds contain immersed
              quasi-{F}uchsian surfaces},
   JOURNAL = {Algebr. Geom. Topol.},
  FJOURNAL = {Algebraic \& Geometric Topology},
    VOLUME = {15},
      YEAR = {2015},
    NUMBER = {2},
     PAGES = {1199--1228},
      ISSN = {1472-2747},
   MRCLASS = {57M50 (20F65 20F67)},
  MRNUMBER = {3342690},
MRREVIEWER = {Mahan Mj},
       DOI = {10.2140/agt.2015.15.1199},
       URL = {http://dx.doi.org/10.2140/agt.2015.15.1199},
}

@article {MZ,
    AUTHOR = {Masters, Joseph D. and Zhang, Xingru},
     TITLE = {Closed quasi-{F}uchsian surfaces in hyperbolic knot
              complements},
   JOURNAL = {Geom. Topol.},
  FJOURNAL = {Geometry \& Topology},
    VOLUME = {12},
      YEAR = {2008},
    NUMBER = {4},
     PAGES = {2095--2171},
      ISSN = {1465-3060},
   MRCLASS = {57M50 (20E26 57M25 57N35)},
  MRNUMBER = {2431017},
MRREVIEWER = {John G. Ratcliffe},
       DOI = {10.2140/gt.2008.12.2095},
       URL = {http://dx.doi.org/10.2140/gt.2008.12.2095},
}

@incollection {Mo,
    AUTHOR = {Morgan, John W.},
     TITLE = {On {T}hurston's uniformization theorem for three-dimensional
              manifolds},
 BOOKTITLE = {The {S}mith conjecture ({N}ew {Y}ork, 1979)},
    SERIES = {Pure Appl. Math.},
    VOLUME = {112},
     PAGES = {37--125},
 PUBLISHER = {Academic Press, Orlando, FL},
      YEAR = {1984},
   MRCLASS = {57N10 (30F10)},
  MRNUMBER = {758464},
       DOI = {10.1016/S0079-8169(08)61637-2},
       URL = {http://dx.doi.org/10.1016/S0079-8169(08)61637-2},
}

@article {CMc,
    AUTHOR = {Canary, Richard D. and McCullough, Darryl},
     TITLE = {Homotopy equivalences of 3-manifolds and deformation theory of
              {K}leinian groups},
   JOURNAL = {Mem. Amer. Math. Soc.},
  FJOURNAL = {Memoirs of the American Mathematical Society},
    VOLUME = {172},
      YEAR = {2004},
    NUMBER = {812},
     PAGES = {xii+218},
      ISSN = {0065-9266},
   MRCLASS = {57N10 (20F34 30F35 57M50)},
  MRNUMBER = {2096234},
MRREVIEWER = {Ken-ichi Ohshika},
       DOI = {10.1090/memo/0812},
       URL = {http://dx.doi.org/10.1090/memo/0812},
}

@book {LR,
    AUTHOR = {Long, Darren and Reid, Alan W.},
     TITLE = {Surface subgroups and subgroup separability in 3-manifold
              topology},
    SERIES = {Publica\c{c}\~oes Matem\'aticas do IMPA. [IMPA Mathematical
              Publications]},
      NOTE = {25${^{{}}{\textrm{o}}}$ Col\'oquio Brasileiro de Matem\'atica. [25th
              Brazilian Mathematics Colloquium]},
 PUBLISHER = {Instituto Nacional de Matem\'atica Pura e Aplicada (IMPA), Rio
              de Janeiro},
      YEAR = {2005},
     PAGES = {53},
      ISBN = {85-244-0226-1},
   MRCLASS = {57M50 (11F06 20E26 20F55 30F40 57M07 57N10)},
  MRNUMBER = {2164951},
MRREVIEWER = {John G. Ratcliffe},
}

@book {AFW,
    AUTHOR = {Aschenbrenner, Matthias and Friedl, Stefan and Wilton, Henry},
     TITLE = {3-manifold groups},
    SERIES = {EMS Series of Lectures in Mathematics},
 PUBLISHER = {European Mathematical Society (EMS), Z\"urich},
      YEAR = {2015},
     PAGES = {xiv+215},
      ISBN = {978-3-03719-154-5},
   MRCLASS = {57N10 (20F65 57-02 57M27)},
  MRNUMBER = {3444187},
MRREVIEWER = {Thomas Koberda},
       DOI = {10.4171/154},
       URL = {http://dx.doi.org/10.4171/154},
}

@book {He,
    AUTHOR = {Hempel, John},
     TITLE = {{$3$}-{M}anifolds},
      NOTE = {Ann. of Math. Studies, No. 86},
 PUBLISHER = {Princeton University Press, Princeton, N. J.; University of
              Tokyo Press, Tokyo},
      YEAR = {1976},
     PAGES = {xii+195},
   MRCLASS = {57A10},
  MRNUMBER = {0415619},
MRREVIEWER = {J. S. Birman},
}

@book {Ja,
    AUTHOR = {Jaco, William},
     TITLE = {Lectures on three-manifold topology},
    SERIES = {CBMS Regional Conference Series in Mathematics},
    VOLUME = {43},
 PUBLISHER = {American Mathematical Society, Providence, R.I.},
      YEAR = {1980},
     PAGES = {xii+251},
      ISBN = {0-8218-1693-4},
   MRCLASS = {57N10},
  MRNUMBER = {565450},
MRREVIEWER = {G. Peter Scott},
}

@book {Sch,
    AUTHOR = {Schultens, Jennifer},
     TITLE = {Introduction to 3-manifolds},
    SERIES = {Graduate Studies in Mathematics},
    VOLUME = {151},
 PUBLISHER = {American Mathematical Society, Providence, RI},
      YEAR = {2014},
     PAGES = {x+286},
      ISBN = {978-1-4704-1020-9},
   MRCLASS = {57Mxx},
  MRNUMBER = {3203728},
MRREVIEWER = {Jessica S. Purcell},
}

@article {Neu,
    AUTHOR = {Neumann, Walter D.},
     TITLE = {Immersed and virtually embedded {$\pi_1$}-injective surfaces
              in graph manifolds},
   JOURNAL = {Algebr. Geom. Topol.},
  FJOURNAL = {Algebraic \& Geometric Topology},
    VOLUME = {1},
      YEAR = {2001},
     PAGES = {411--426},
      ISSN = {1472-2747},
   MRCLASS = {57N10 (57M10)},
  MRNUMBER = {1852764},
MRREVIEWER = {Alberto Cavicchioli},
       DOI = {10.2140/agt.2001.1.411},
       URL = {http://dx.doi.org/10.2140/agt.2001.1.411},
}

@article {CS,
    AUTHOR = {Culler, Marc and Shalen, Peter B.},
     TITLE = {Volumes of hyperbolic {H}aken manifolds. {I}},
   JOURNAL = {Invent. Math.},
  FJOURNAL = {Inventiones Mathematicae},
    VOLUME = {118},
      YEAR = {1994},
    NUMBER = {2},
     PAGES = {285--329},
      ISSN = {0020-9910},
   MRCLASS = {57M50 (57N10)},
  MRNUMBER = {1292114},
MRREVIEWER = {Darren D. Long},
       DOI = {10.1007/BF01231535},
       URL = {http://dx.doi.org/10.1007/BF01231535},
}

@article {ACS,
    AUTHOR = {Agol, Ian and Culler, Marc and Shalen, Peter B.},
     TITLE = {Singular surfaces, mod 2 homology, and hyperbolic volume. {I}},
   JOURNAL = {Trans. Amer. Math. Soc.},
  FJOURNAL = {Transactions of the American Mathematical Society},
    VOLUME = {362},
      YEAR = {2010},
    NUMBER = {7},
     PAGES = {3463--3498},
      ISSN = {0002-9947},
   MRCLASS = {57M50},
  MRNUMBER = {2601597},
MRREVIEWER = {Mario Eudave Mu\~A$\pm$oz},
       DOI = {10.1090/S0002-9947-10-04362-X},
       URL = {http://dx.doi.org/10.1090/S0002-9947-10-04362-X},
}

@book {FM,
    AUTHOR = {Farb, Benson and Margalit, Dan},
     TITLE = {A primer on mapping class groups},
    SERIES = {Princeton Mathematical Series},
    VOLUME = {49},
 PUBLISHER = {Princeton University Press, Princeton, NJ},
      YEAR = {2012},
     PAGES = {xiv+472},
      ISBN = {978-0-691-14794-9},
   MRCLASS = {57M50 (20F36 20F65 57M07 57N05)},
  MRNUMBER = {2850125},
MRREVIEWER = {Stephen P. Humphries},
}

@book {FLP,
    AUTHOR = {Fathi, Albert and Laudenbach, Fran\c{c}ois and Po\'enaru, Valentin},
     TITLE = {Thurston's work on surfaces},
    SERIES = {Mathematical Notes},
    VOLUME = {48},
      NOTE = {Translated from the 1979 French original by Djun M. Kim and
              Dan Margalit},
 PUBLISHER = {Princeton University Press, Princeton, NJ},
      YEAR = {2012},
     PAGES = {xvi+254},
      ISBN = {978-0-691-14735-2},
   MRCLASS = {57-02 (30Fxx 32G15 57M99)},
  MRNUMBER = {3053012},
MRREVIEWER = {Javier Aramayona},
}

@article {Hall,
    AUTHOR = {Hall, Jr., Marshall},
     TITLE = {Subgroups of finite index in free groups},
   JOURNAL = {Canadian J. Math.},
  FJOURNAL = {Canadian Journal of Mathematics. Journal Canadien de
              Math\'ematiques},
    VOLUME = {1},
      YEAR = {1949},
     PAGES = {187--190},
      ISSN = {0008-414X},
   MRCLASS = {20.0X},
  MRNUMBER = {0028836},
MRREVIEWER = {R. Baer},
}

@article {Scott,
    AUTHOR = {Scott, Peter},
     TITLE = {Subgroups of surface groups are almost geometric},
   JOURNAL = {J. London Math. Soc. (2)},
  FJOURNAL = {Journal of the London Mathematical Society. Second Series},
    VOLUME = {17},
      YEAR = {1978},
    NUMBER = {3},
     PAGES = {555--565},
      ISSN = {0024-6107},
   MRCLASS = {55A10},
  MRNUMBER = {0494062},
MRREVIEWER = {John Hempel},
       DOI = {10.1112/jlms/s2-17.3.555},
       URL = {http://dx.doi.org/10.1112/jlms/s2-17.3.555},
}

@unpublished {Wise,
    AUTHOR = {Wise, Daniel T.},
     TITLE = {The structure of groups with a quasiconvex hierarchy},
      YEAR = {2011},
      NOTE = {http://www.math.mcgill.ca/wise/papers.html},
}

@article {HaglundWise,
    AUTHOR = {Haglund, Fr\'ed\'eric and Wise, Daniel T.},
     TITLE = {A combination theorem for special cube complexes},
   JOURNAL = {Ann. of Math. (2)},
  FJOURNAL = {Annals of Mathematics. Second Series},
    VOLUME = {176},
      YEAR = {2012},
    NUMBER = {3},
     PAGES = {1427--1482},
      ISSN = {0003-486X},
   MRCLASS = {20F67 (20E06 20E26)},
  MRNUMBER = {2979855},
MRREVIEWER = {Yago Antol\~A-n},
       DOI = {10.4007/annals.2012.176.3.2},
       URL = {http://dx.doi.org/10.4007/annals.2012.176.3.2},
}

@article {HsuWise,
    AUTHOR = {Hsu, Tim and Wise, Daniel T.},
     TITLE = {Cubulating malnormal amalgams},
   JOURNAL = {Invent. Math.},
  FJOURNAL = {Inventiones Mathematicae},
    VOLUME = {199},
      YEAR = {2015},
    NUMBER = {2},
     PAGES = {293--331},
      ISSN = {0020-9910},
   MRCLASS = {20F67},
  MRNUMBER = {3302116},
MRREVIEWER = {David Hume},
       DOI = {10.1007/s00222-014-0513-4},
       URL = {http://dx.doi.org/10.1007/s00222-014-0513-4},
}

@article {BergeronWise,
    AUTHOR = {Bergeron, Nicolas and Wise, Daniel T.},
     TITLE = {A boundary criterion for cubulation},
   JOURNAL = {Amer. J. Math.},
  FJOURNAL = {American Journal of Mathematics},
    VOLUME = {134},
      YEAR = {2012},
    NUMBER = {3},
     PAGES = {843--859},
      ISSN = {0002-9327},
   MRCLASS = {20F67},
  MRNUMBER = {2931226},
       DOI = {10.1353/ajm.2012.0020},
       URL = {http://dx.doi.org/10.1353/ajm.2012.0020},
}

@article {Agol,
    AUTHOR = {Agol, Ian},
     TITLE = {The virtual {H}aken conjecture},
      NOTE = {With an appendix by Agol, Daniel Groves, and Jason Manning},
   JOURNAL = {Doc. Math.},
  FJOURNAL = {Documenta Mathematica},
    VOLUME = {18},
      YEAR = {2013},
     PAGES = {1045--1087},
      ISSN = {1431-0635},
   MRCLASS = {20F67 (57Mxx)},
  MRNUMBER = {3104553},
MRREVIEWER = {Thomas Koberda},
}

@article {Li,
    AUTHOR = {Li, Tao},
     TITLE = {Immersed essential surfaces in hyperbolic 3-manifolds},
   JOURNAL = {Comm. Anal. Geom.},
  FJOURNAL = {Communications in Analysis and Geometry},
    VOLUME = {10},
      YEAR = {2002},
    NUMBER = {2},
     PAGES = {275--290},
      ISSN = {1019-8385},
   MRCLASS = {57M50 (57N10)},
  MRNUMBER = {1900752},
MRREVIEWER = {Darren D. Long},
       DOI = {10.4310/CAG.2002.v10.n2.a2},
       URL = {http://dx.doi.org/10.4310/CAG.2002.v10.n2.a2},
}

@article {KM2,
    AUTHOR = {Kahn, Jeremy and Markovi\'c, Vladimir},
     TITLE = {Counting essential surfaces in a closed hyperbolic
              three-manifold},
   JOURNAL = {Geom. Topol.},
  FJOURNAL = {Geometry \& Topology},
    VOLUME = {16},
      YEAR = {2012},
    NUMBER = {1},
     PAGES = {601--624},
      ISSN = {1465-3060},
   MRCLASS = {57M50},
  MRNUMBER = {2916295},
MRREVIEWER = {Colin C. Adams},
       DOI = {10.2140/gt.2012.16.601},
       URL = {http://dx.doi.org/10.2140/gt.2012.16.601},
}

@article {CooperLong,
    AUTHOR = {Cooper, D. and Long, D. D.},
     TITLE = {Some surface subgroups survive surgery},
   JOURNAL = {Geom. Topol.},
  FJOURNAL = {Geometry and Topology},
    VOLUME = {5},
      YEAR = {2001},
     PAGES = {347--367},
      ISSN = {1465-3060},
   MRCLASS = {57M50 (57N10)},
  MRNUMBER = {1825666},
MRREVIEWER = {Sergej V. Matveev},
       DOI = {10.2140/gt.2001.5.347},
       URL = {http://dx.doi.org/10.2140/gt.2001.5.347},
}

@article {CLRbundles,
    AUTHOR = {Cooper, D. and Long, D. D. and Reid, A. W.},
     TITLE = {Bundles and finite foliations},
   JOURNAL = {Invent. Math.},
  FJOURNAL = {Inventiones Mathematicae},
    VOLUME = {118},
      YEAR = {1994},
    NUMBER = {2},
     PAGES = {255--283},
      ISSN = {0020-9910},
   MRCLASS = {57N10 (55R10 57M50 57R30)},
  MRNUMBER = {1292113},
       DOI = {10.1007/BF01231534},
       URL = {http://dx.doi.org/10.1007/BF01231534},
}

@incollection {MenascoReid,
    AUTHOR = {Menasco, William and Reid, Alan W.},
     TITLE = {Totally geodesic surfaces in hyperbolic link complements},
 BOOKTITLE = {Topology '90 ({C}olumbus, {OH}, 1990)},
    SERIES = {Ohio State Univ. Math. Res. Inst. Publ.},
    VOLUME = {1},
     PAGES = {215--226},
 PUBLISHER = {de Gruyter, Berlin},
      YEAR = {1992},
   MRCLASS = {57M50 (30F40)},
  MRNUMBER = {1184413},
MRREVIEWER = {Colin C. Adams},
}

@unpublished {MZ2,
    AUTHOR = {Masters, Joseph D. and Zhang, Xingru},
     TITLE = {Quasi-{F}uchsian surfaces in hyperbolic link complements},
      YEAR = {2009},
      NOTE = {https://arxiv.org/abs/0909.4501},
}

@unpublished {CooperFuter,
    AUTHOR = {Cooper, Daryl and Futer, David},
     TITLE = {Ubiquitous quasi-Fuchsian surfaces in cusped hyperbolic 3-manifolds},
      YEAR = {2017},
      NOTE = {https://arxiv.org/abs/1705.02890},
}

@incollection {Kirby,
    AUTHOR = {Kirby, Rob},
     TITLE = {Problems in low dimensional manifold theory},
 BOOKTITLE = {Algebraic and geometric topology ({P}roc. {S}ympos. {P}ure
              {M}ath., {S}tanford {U}niv., {S}tanford, {C}alif., 1976),
              {P}art 2},
    SERIES = {Proc. Sympos. Pure Math., XXXII},
     PAGES = {273--312},
 PUBLISHER = {Amer. Math. Soc., Providence, R.I.},
      YEAR = {1978},
   MRCLASS = {57-02},
  MRNUMBER = {520548},
MRREVIEWER = {Louis H. Kauffman},
}

@book {Thurstonbook,
    AUTHOR = {Thurston, William P.},
     TITLE = {Three-dimensional geometry and topology. {V}ol. 1},
    SERIES = {Princeton Mathematical Series},
    VOLUME = {35},
      NOTE = {Edited by Silvio Levy},
 PUBLISHER = {Princeton University Press, Princeton, NJ},
      YEAR = {1997},
     PAGES = {x+311},
      ISBN = {0-691-08304-5},
   MRCLASS = {57M50 (53A35 57M25 57M60 57N10)},
  MRNUMBER = {1435975},
MRREVIEWER = {Athanase Papadopoulos},
}

@unpublished {Thurstonnotes,
    AUTHOR = {Thurston, William P.},
     TITLE = {The Geometry and topology of three-manifolds},
      YEAR = {1980},
      NOTE = {http://library.msri.org/books/gt3m/},
}

@unpublished {Lackenbynotes,
    AUTHOR = {Lackenby, Marc},
     TITLE = {Three-dimensional manifolds},
      YEAR = {1999},
      NOTE = {http://people.maths.ox.ac.uk/lackenby/},
}

@unpublished {Hatchernotes,
    AUTHOR = {Hatcher, Allen},
     TITLE = {Notes on basic 3-manifold topology},
      YEAR = {2007},
      NOTE = {http://www.math.cornell.edu/~hatcher/3M/3Mdownloads.html},
}

@unpublished {Calegarinotes,
    AUTHOR = {Calegari, Danny},
     TITLE = {Notes on {K}leinian groups},
      YEAR = {2015},
      NOTE = {http://math.uchicago.edu/~dannyc/courses/kleinian\_groups\_2015/kleinian\_groups.pdf},
}

@unpublished {Calegarinotes2,
    AUTHOR = {Calegari, Danny},
     TITLE = {Notes on 3-manifolds},
      YEAR = {2014},
      NOTE = {https://math.uchicago.edu/~dannyc/courses/3manifolds\_2014/3\_manifolds\_notes.pdf},
}

@book {Ratcliffe,
    AUTHOR = {Ratcliffe, John G.},
     TITLE = {Foundations of hyperbolic manifolds},
    SERIES = {Graduate Texts in Mathematics},
    VOLUME = {149},
   EDITION = {Second},
 PUBLISHER = {Springer, New York},
      YEAR = {2006},
     PAGES = {xii+779},
      ISBN = {978-0387-33197-3; 0-387-33197-2},
   MRCLASS = {57M50 (20H10 30F40 51M10)},
  MRNUMBER = {2249478},
}

@book {BenedettiPetronio,
    AUTHOR = {Benedetti, Riccardo and Petronio, Carlo},
     TITLE = {Lectures on hyperbolic geometry},
    SERIES = {Universitext},
 PUBLISHER = {Springer-Verlag, Berlin},
      YEAR = {1992},
     PAGES = {xiv+330},
      ISBN = {3-540-55534-X},
   MRCLASS = {57M50 (30F40 30F60 51M10 57N10)},
  MRNUMBER = {1219310},
MRREVIEWER = {Colin C. Adams},
       DOI = {10.1007/978-3-642-58158-8},
       URL = {http://dx.doi.org/10.1007/978-3-642-58158-8},
}

@book {Marden,
    AUTHOR = {Marden, A.},
     TITLE = {Outer circles},
      NOTE = {An introduction to hyperbolic 3-manifolds},
 PUBLISHER = {Cambridge University Press, Cambridge},
      YEAR = {2007},
     PAGES = {xviii+427},
      ISBN = {978-0-521-83974-7},
   MRCLASS = {57-01 (20H10 30-02 30F40 57-02 57M50 57N10)},
  MRNUMBER = {2355387},
MRREVIEWER = {Bruno P. Zimmermann},
       DOI = {10.1017/CBO9780511618918},
       URL = {http://dx.doi.org/10.1017/CBO9780511618918},
}

@book {Maskit,
    AUTHOR = {Maskit, Bernard},
     TITLE = {Kleinian groups},
    SERIES = {Grundlehren der Mathematischen Wissenschaften [Fundamental
              Principles of Mathematical Sciences]},
    VOLUME = {287},
 PUBLISHER = {Springer-Verlag, Berlin},
      YEAR = {1988},
     PAGES = {xiv+326},
      ISBN = {3-540-17746-9},
   MRCLASS = {30F40 (20H10 22E40)},
  MRNUMBER = {959135},
MRREVIEWER = {William Abikoff},
}

@book {MatsuzakiTaniguchi,
    AUTHOR = {Matsuzaki, Katsuhiko and Taniguchi, Masahiko},
     TITLE = {Hyperbolic manifolds and {K}leinian groups},
    SERIES = {Oxford Mathematical Monographs},
      NOTE = {Oxford Science Publications},
 PUBLISHER = {The Clarendon Press, Oxford University Press, New York},
      YEAR = {1998},
     PAGES = {x+253},
      ISBN = {0-19-850062-9},
   MRCLASS = {30F40 (20H10 30F10)},
  MRNUMBER = {1638795},
MRREVIEWER = {I. Kra},
}

@book {Kapovich,
    AUTHOR = {Kapovich, Michael},
     TITLE = {Hyperbolic manifolds and discrete groups},
    SERIES = {Progress in Mathematics},
    VOLUME = {183},
 PUBLISHER = {Birkh\"auser Boston, Inc., Boston, MA},
      YEAR = {2001},
     PAGES = {xxvi+467},
      ISBN = {0-8176-3904-7},
   MRCLASS = {57M50 (20F65 20H10 30F40 30F60 32G15)},
  MRNUMBER = {1792613},
MRREVIEWER = {Michel Coornaert},
}

@book {Hubbard,
    AUTHOR = {Hubbard, John Hamal},
     TITLE = {Teichm\"uller theory and applications to geometry, topology, and
              dynamics. {V}ol. 1},
      NOTE = {Teichm\"uller theory,
              With contributions by Adrien Douady, William Dunbar, Roland
              Roeder, Sylvain Bonnot, David Brown, Allen Hatcher, Chris
              Hruska and Sudeb Mitra,
              With forewords by William Thurston and Clifford Earle},
 PUBLISHER = {Matrix Editions, Ithaca, NY},
      YEAR = {2006},
     PAGES = {xx+459},
      ISBN = {978-0-9715766-2-9; 0-9715766-2-9},
   MRCLASS = {30F60 (30-02 30F10 32G15)},
  MRNUMBER = {2245223},
MRREVIEWER = {Hiroshige Shiga},
}

@article {Thurston0,
    AUTHOR = {Thurston, William P.},
     TITLE = {Three-dimensional manifolds, {K}leinian groups and hyperbolic
              geometry},
   JOURNAL = {Bull. Amer. Math. Soc. (N.S.)},
  FJOURNAL = {American Mathematical Society. Bulletin. New Series},
    VOLUME = {6},
      YEAR = {1982},
    NUMBER = {3},
     PAGES = {357--381},
      ISSN = {0273-0979},
   MRCLASS = {57N10 (20H15 30F40 57M35 57M40 57S17)},
  MRNUMBER = {648524},
MRREVIEWER = {Klaus Johannson},
       DOI = {10.1090/S0273-0979-1982-15003-0},
       URL = {http://dx.doi.org/10.1090/S0273-0979-1982-15003-0},
}

@incollection {ThurstonviaScott,
    AUTHOR = {Thurston, W.},
     TITLE = {Hyperbolic geometry and {$3$}-manifolds},
 BOOKTITLE = {Low-dimensional topology ({B}angor, 1979)},
    SERIES = {London Math. Soc. Lecture Note Ser.},
    VOLUME = {48},
     PAGES = {9--25},
 PUBLISHER = {Cambridge Univ. Press, Cambridge-New York},
      YEAR = {1982},
   MRCLASS = {57N10 (30F40 53A40)},
  MRNUMBER = {662424},
}

@article {ThurstonI,
    AUTHOR = {Thurston, William P.},
     TITLE = {Hyperbolic structures on {$3$}-manifolds. {I}. {D}eformation
              of acylindrical manifolds},
   JOURNAL = {Ann. of Math. (2)},
  FJOURNAL = {Annals of Mathematics. Second Series},
    VOLUME = {124},
      YEAR = {1986},
    NUMBER = {2},
     PAGES = {203--246},
      ISSN = {0003-486X},
   MRCLASS = {57N10},
  MRNUMBER = {855294},
MRREVIEWER = {G. Peter Scott},
       DOI = {10.2307/1971277},
       URL = {http://dx.doi.org/10.2307/1971277},
}

@unpublished {ThurstonII,
    AUTHOR = {Thurston, William P.},
     TITLE = {Hyperbolic Structures on 3-manifolds, II: Surface groups and 3-manifolds which fiber over the circle},
      YEAR = {1998},
      NOTE = {https://arxiv.org/abs/math/9801045},
}

@unpublished {ThurstonIII,
    AUTHOR = {Thurston, William P.},
     TITLE = {Hyperbolic Structures on 3-manifolds, III: Deformations of 3-manifolds with incompressible boundary},
      YEAR = {1998},
      NOTE = {https://arxiv.org/abs/math/9801058},
}

@unpublished {Agoltameness,
    AUTHOR = {Agol, Ian},
     TITLE = {Tameness of hyperbolic 3-manifolds},
      YEAR = {2004},
      NOTE = {https://arxiv.org/abs/math/0405568},
}

@article {CalegariGabai,
    AUTHOR = {Calegari, Danny and Gabai, David},
     TITLE = {Shrinkwrapping and the taming of hyperbolic 3-manifolds},
   JOURNAL = {J. Amer. Math. Soc.},
  FJOURNAL = {Journal of the American Mathematical Society},
    VOLUME = {19},
      YEAR = {2006},
    NUMBER = {2},
     PAGES = {385--446},
      ISSN = {0894-0347},
   MRCLASS = {57M50 (30F40 57N10)},
  MRNUMBER = {2188131},
MRREVIEWER = {Bruno P. Zimmermann},
       DOI = {10.1090/S0894-0347-05-00513-8},
       URL = {http://dx.doi.org/10.1090/S0894-0347-05-00513-8},
}

@article {Canary,
    AUTHOR = {Canary, Richard D.},
     TITLE = {A covering theorem for hyperbolic {$3$}-manifolds and its
              applications},
   JOURNAL = {Topology},
  FJOURNAL = {Topology. An International Journal of Mathematics},
    VOLUME = {35},
      YEAR = {1996},
    NUMBER = {3},
     PAGES = {751--778},
      ISSN = {0040-9383},
   MRCLASS = {57M50 (30F40 57N10)},
  MRNUMBER = {1396777},
MRREVIEWER = {Ken-ichi Ohshika},
       DOI = {10.1016/0040-9383(94)00055-7},
       URL = {http://dx.doi.org/10.1016/0040-9383(94)00055-7},
}

@article {Bonahon,
    AUTHOR = {Bonahon, Francis},
     TITLE = {Bouts des vari\'et\'es hyperboliques de dimension {$3$}},
   JOURNAL = {Ann. of Math. (2)},
  FJOURNAL = {Annals of Mathematics. Second Series},
    VOLUME = {124},
      YEAR = {1986},
    NUMBER = {1},
     PAGES = {71--158},
      ISSN = {0003-486X},
   MRCLASS = {57N10 (30F40 32G15)},
  MRNUMBER = {847953},
MRREVIEWER = {G. Peter Scott},
       DOI = {10.2307/1971388},
       URL = {http://dx.doi.org/10.2307/1971388},
}

@article {Canary2,
    AUTHOR = {Canary, Richard D.},
     TITLE = {Ends of hyperbolic {$3$}-manifolds},
   JOURNAL = {J. Amer. Math. Soc.},
  FJOURNAL = {Journal of the American Mathematical Society},
    VOLUME = {6},
      YEAR = {1993},
    NUMBER = {1},
     PAGES = {1--35},
      ISSN = {0894-0347},
   MRCLASS = {57M50 (30F40)},
  MRNUMBER = {1166330},
MRREVIEWER = {Colin C. Adams},
       DOI = {10.2307/2152793},
       URL = {http://dx.doi.org/10.2307/2152793},
}

@article {JacoShalen,
    AUTHOR = {Jaco, William H. and Shalen, Peter B.},
     TITLE = {Seifert fibered spaces in {$3$}-manifolds},
   JOURNAL = {Mem. Amer. Math. Soc.},
  FJOURNAL = {Memoirs of the American Mathematical Society},
    VOLUME = {21},
      YEAR = {1979},
    NUMBER = {220},
     PAGES = {viii+192},
      ISSN = {0065-9266},
   MRCLASS = {57N10},
  MRNUMBER = {539411},
MRREVIEWER = {Hugh M. Hilden},
       DOI = {10.1090/memo/0220},
       URL = {http://dx.doi.org/10.1090/memo/0220},
}

@book {Johannson,
    AUTHOR = {Johannson, Klaus},
     TITLE = {Homotopy equivalences of {$3$}-manifolds with boundaries},
    SERIES = {Lecture Notes in Mathematics},
    VOLUME = {761},
 PUBLISHER = {Springer, Berlin},
      YEAR = {1979},
     PAGES = {ii+303},
      ISBN = {3-540-09714-7},
   MRCLASS = {57N10},
  MRNUMBER = {551744},
MRREVIEWER = {John Hempel},
}

@article {Scottannulus,
    AUTHOR = {Scott, Peter},
     TITLE = {A new proof of the annulus and torus theorems},
   JOURNAL = {Amer. J. Math.},
  FJOURNAL = {American Journal of Mathematics},
    VOLUME = {102},
      YEAR = {1980},
    NUMBER = {2},
     PAGES = {241--277},
      ISSN = {0002-9327},
   MRCLASS = {57N10 (57M35)},
  MRNUMBER = {564473},
MRREVIEWER = {Wolfgang H. Heil},
       DOI = {10.2307/2374238},
       URL = {http://dx.doi.org/10.2307/2374238},
}
